% This file was created with JabRef 2.5.
% Encoding: UTF-8
% See the "IEEEtran_bst_HOWTO.pdf" manual for usage information.

@BOOK{msp430,
  title = {MSP430 Microcontroller Basics},
  publisher = {1rd},
  editor = {Editora Newnes},
  author = {Jonh Davies},
  owner = {luiz},
  timestamp = {2012.01.09},
  year = 2001
}

@www{ti_exemplos,
      title  = "MSP430G2x53, MSP430G2x33, MSP430G2x13, MSP430G2x03 Code Examples (Rev. A)",
      author = "Texas\_Instruments",
      urlaccessdate = "\today",
      url    = "http://www.ti.com/litv/zip/slac485a"
}

@www{dsl,
      title  = "Damn Small Linux - Not! - Forum",
      author = "Damn Small Linux",
      timestamp = {2012.01.09},
      urlaccessdate = "\today",
      url= "http://www.damnsmalllinux.org/dsl-n/f/"
    }
    
@www{ddsl,
      title  = "Damn Small Linux",
      crossref ="dsl",
      url= "http://www.damnsmalllinux.org/"
    }

@www{valgrind,
      title  = "Valgrind - Manual",
      author = "The Valgrind developers and  Andres Roldan",
      timestamp = {2012.01.09},
      urlaccessdate = "\today",
      url= "http://www.valgrind.org/docs/manual/index.html"
    }


@manual{Advpdf,
	title = "Advanced Linux Programming",
	author = "Mark Mitchell and Jeffrey Oldham and Alex Samuel",
	publisher = "David Dwyer",
	language = "English",
	year= 2001
	}

@manual{thepdf,
	title = "The Linux Programming Interface",
	author = "Michael KerrisK",
	Publisher = "William Pollock",
	year = 2010,
	organization = "No Starch Press Inc."
	}
